%% Created using Papers on Thu, 15 Jan 2015.
%% http://papersapp.com/papers/

@book{Herschel:2013kz,
author = {Herschel, Richard T and Jones, Nory E},
title = {{Knowledge management and business intelligence: the importance of integration}},
publisher = {Emerald Group Publishing Limited},
year = {2013},
volume = {9},
month = apr
}

@book{Inmon:2005vg,
author = {Inmon, W H},
title = {{Building the Data Warehouse}},
publisher = {John Wiley {\&} Sons},
year = {2005},
month = oct
}

